@book{carmona,
    title = {Ecuaciones Diferenciales},
    author = {Isabel Carmona Jover},
    isbn = {9684441509},
    year = {1998},
    publisher = {Longman de MÃ©xico Editores},
    keywords = {diferential, equation}
}