@book{carmona,
    title = {Ecuaciones Diferenciales},
    author = {Isabel Carmona Jover},
    isbn = {9684441509},
    year = {1998},
    publisher = {Longman de MÃ©xico Editores},
    keywords = {diferential, equation}
}
@book{zill,
    title = {Ecuaciones Diferenciales, con aplicacione de modelado},
    author = {Denis G. Zill},
    isbn = {13:978-0-495-10824-5},
    year = {2009},
    publisher = {Brooks and Cole-Cengage },
    keywords = {diferential, equation}
}